<?xml version="1.0" encoding="UTF-8"?><collection xmlns="http://www.loc.gov/MARC21/slim"><record><leader>00317nam--2200121-i-4500</leader><controlfield tag="001">000003338</controlfield><controlfield tag="002">20161230</controlfield><controlfield tag="005">20161230201025</controlfield><controlfield tag="008">060222s1000------------r-----000-0-eng-d</controlfield><datafield ind1=" " ind2=" " tag="100"><subfield code="a">Davies, Mansel</subfield></datafield><datafield ind1=" " ind2=" " tag="245"><subfield code="a">An outline of the development of science</subfield></datafield><datafield ind1=" " ind2=" " tag="260"><subfield code="a">London, Watts &amp; Co., 1947</subfield></datafield><datafield ind1=" " ind2=" " tag="490"><subfield code="a">The Thinker S Library</subfield></datafield></record></collection>